@online{android,
    author = "Lyla Fujiwara",
    title = "Android Jetpack: Navigation",
    url  = "https://developer.android.com/guide/navigation/navigation-getting-started",
    addendum = "(accessed: 21.04.2021)",
}

@online{coding_in_flow,
    author = "Coding in Flow",
    title = "Android Jetpack: Navigation Component",
    url  = "https://www.youtube.com/watch?v=kIudIii4uLU",
    addendum = "(accessed: 21.04.2021)",
}

@online{coding_with_mitch,
    author = "Coding Mitch",
    title = "Navigation Component with Jetpack Compose",
    url  = "https://www.youtube.com/watch?v=4ljGUQTxVJQ",
    addendum = "(accessed: 21.04.2021)",
}